
@incollection{NIPS2012_4824,
title = {ImageNet Classification with Deep Convolutional Neural Networks},
author = {Alex Krizhevsky and Sutskever, Ilya and Hinton, Geoffrey E},
booktitle = {Advances in Neural Information Processing Systems 25},
editor = {F. Pereira and C. J. C. Burges and L. Bottou and K. Q. Weinberger},
pages = {1097--1105},
year = {2012},
publisher = {Curran Associates, Inc.},
url = {http://papers.nips.cc/paper/4824-imagenet-classification-with-deep-convolutional-neural-networks.pdf}
}


@article{Ota:2017,
 author = {Ota, Kaoru and Dao, Minh Son and Mezaris, Vasileios and Natale, Francesco G. B. De},
 title = {Deep Learning for Mobile Multimedia: A Survey},
 journal = {ACM Trans. Multimedia Comput. Commun. Appl.},
 issue_date = {August 2017},
 volume = {13},
 number = {3s},
 month = jun,
 year = {2017},
 issn = {1551-6857},
 pages = {34:1--34:22},
 articleno = {34},
 numpages = {22},
 url = {http://doi.acm.org/10.1145/3092831},
 doi = {10.1145/3092831},
 acmid = {3092831},
 publisher = {ACM},
 address = {New York, NY, USA},
 keywords = {Deep learning, deep neural networks, mobile multimedia computing},
} 



@InProceedings{Warren1943,
  author =	 {Warren S. McCulloch and Walter Pitts},
  title =	 {A logical calculus of the ideas immanent in nervous activity},
  booktitle =	 { Bull. Math. Biophys},
  pages =	 {115-133},
  year =	 {1943},
  volume =	 {5}
}

@InProceedings{Jurgen2015,
  author =	 {Jürgen Schmidhuber},
  title =	 {Deep learning in neural networks: An overview},
  booktitle =	 {Neural Networks},
  pages =	 {85-117},
  year =	 {2015},
  volume =	 {61},
  month =	 {January}
}


@article{MAL-006,
url = {http://dx.doi.org/10.1561/2200000006},
year = {2009},
volume = {2},
journal = {Foundations and Trends® in Machine Learning},
title = {Learning Deep Architectures for AI},
doi = {10.1561/2200000006},
issn = {1935-8237},
number = {1},
pages = {1-127},
author = {Yoshua Bengio}
}

@INPROCEEDINGS{GoogLeNet, 
author={C. Szegedy and Wei Liu and Yangqing Jia and P. Sermanet and S. Reed and D. Anguelov and D. Erhan and V. Vanhoucke and A. Rabinovich}, 
booktitle={2015 IEEE Conference on Computer Vision and Pattern Recognition (CVPR)}, 
title={Going deeper with convolutions}, 
year={2015}, 
volume={}, 
number={}, 
pages={1-9}, 
keywords={Hebbian learning;convolution;decision making;feature extraction;image classification;neural net architecture;resource allocation;Hebbian principle;architectural decision;convolutional neural network architecture;object classification;object detection;resource utilization;Computer architecture;Computer vision;Convolutional codes;Neural networks;Object detection;Sparse matrices;Visualization}, 
doi={10.1109/CVPR.2015.7298594}, 
ISSN={1063-6919}, 
month={June},}

@INPROCEEDINGS{ResNet, 
author={K. He and X. Zhang and S. Ren and J. Sun}, 
booktitle={2016 IEEE Conference on Computer Vision and Pattern Recognition (CVPR)}, 
title={Deep Residual Learning for Image Recognition}, 
year={2016}, 
volume={}, 
number={}, 
pages={770-778}, 
keywords={image classification;learning (artificial intelligence);neural nets;object detection;CIFAR-10;COCO object detection dataset;COCO segmentation;ILSVRC & COCO 2015 competitions;ILSVRC 2015 classification task;ImageNet dataset;ImageNet localization;ImageNet test set;VGG nets;deep residual learning;deep residual nets;deeper neural network training;image recognition;residual function learning;residual nets;visual recognition tasks;Complexity theory;Degradation;Image recognition;Image segmentation;Neural networks;Training;Visualization}, 
doi={10.1109/CVPR.2016.90}, 
ISSN={}, 
month={June},}

% Seminar on Network Security, BiBTeX template 
% Example entries 

@Book{Com00,
  author =	 {Douglas E. Comer},
  title =	 {Internetworking with TCP/IP, Volume I},
  publisher =	 {Prentice-Hall Inc},
  year =	 {2000},
  edition =	 {4th},
  annote =	 {ISBN: 0-13-018380-6},
  annote =	 {Good basic book about TCP/IP and its applications;
                  Includes IP, ARP, ICMP, CIDR, TCP, UDP, Routing with
                  BGP, RIP, OSPF, HELLO, Multicast, ATM, Mobile IP,
                  NAT, VPN, Sockets, DHCP, DNS, Telnet, FTP,
                  Electronic Mail, WWW, VoIP, SNMP, IPsec, IPv6, but
                  only in the basic level for students}
}

@InProceedings{HTS03,
  author =	 {{Tim Hsin-ting Hu and Binh Thai and Aruna
                  Seneviratne}},
  title =	 {{Supporting Mobile Devices in Gnutella File 
                  Sharing Network with Mobile Agents}},
  booktitle =	 {IEEE International Symposium on Computers
                  and Communication},
  pages =	 {1530-1346},
  year =	 {2003},
  volume =	 {3},
  month =	 {April}
}

@PhdThesis{Nik99,
  author =	 {Pekka Nikander},
  title =	 {An Architecture for Authorization and Delegation
                  in Distributed Object-Oriented Agent Systems},
  school =	 {Helsinki University of Technology},
  year =	 {1999},
  month =	 {March},
  annote =	 {Describes distributed software architecture that
                  uses delegated access permissions. Delegating
                  authorizations to Java agents}
}

@TechReport{RFC2408,
  author =	 {D. Maughan and M. Schertler and M. Schneider and
                  J. Turner},
  title =	 {{Internet Security Association and Key
                  Management Protocol (ISAKMP)}},
  institution =	 {The Internet Engineering Task Force},
  year =	 {1998},
  key =		 {rfc2408},
  type =	 {RFC},
  number =	 {2408},
  month =	 {November},
  note =	 {http://ietf.org/rfc/rfc2408.txt}
}

@MastersThesis{Suo98,
  author =	 {Sanna Suoranta},
  title =	 {{An Object-Oriented Implementation of an
                  Authentication Protocol}},
  school =	 {Helsinki University of Technology},
  year =	 {1998},
  month =	 {November},
  annote =	 {An ISAKMP implementation using Jacob framework
                  implementation that is based on conduits+
                  framework.}
}

%%%%%%%%%%%%%%%%%%%%%%%%%%%%%%%%%%%%%%%%%%%%%%%%%%%%%%
% The most common BiBTeX entry types
%
%    * Article: An article from a journal or magazine.
% 
%    * Book:  A book with an explicit publisher.
%
%    * Booklet:  A work that is printed and bound, but without 
%               a named publisher or sponsoring institution.
%
%    * Conference: An article in the proceedings of a conference. 
%                  This entry is identical to the 'inproceedings' 
%                  entry and is included for compatibility with another 
%                  text formatting system.
%
%    * Inbook: A part of a book, which may be a chapter and/or a 
%              range of pages.
%
%    * Incollection: A part of a book having its own title.
%
%    * Inproceedings: An article in a conference proceedings.
%
%    * Manual: Technical documentation.
%
%    * Mastersthesis: A Master's thesis.
%
%    * Misc: This is used when other entries do not fit.
%
%    * Phdthesis: A PhD thesis.
%
%    * Proceedings: The proceedings of a conference.
%
%    * Techreport: A report published by a school or other institution, 
%                  usually numbered within a series.
%
%    * Unpublished: A document having an author and title, but not 
%                   formally published.
%
%
% There are a huge number of BiBTeX guides online, more or less official.
